@incollection{2013-Henrio,
year={2013},
isbn={978-3-642-38492-9},
booktitle={Coordination Models and Languages},
volume={7890},
series={Lecture Notes in Computer Science},
editor={De Nicola, Rocco and Julien, Christine},
doi={10.1007/978-3-642-38493-6_7},
title={Multi-threaded Active Objects},
url={http://dx.doi.org/10.1007/978-3-642-38493-6_7},
publisher={Springer Berlin Heidelberg},
keywords={Concurrency and distribution; active-objects; multicore architectures},
author={Henrio, Ludovic and Huet, Fabrice and Istv√°n, Zsolt},
pages={90-104},
language={English}
}