@inproceedings{DBLP:journals/corr/abs-1108-0228,
  author    = {Luca Aceto and
               Matteo Cimini and
               Anna Ing{\'o}lfsd{\'o}ttir and
               Arni Hermann Reynisson and
               Steinar Hugi Sigurdarson and
               Marjan Sirjani},
  title     = {Modelling and Simulation of Asynchronous Real-Time Systems
               using Timed Rebeca},
  booktitle = {FOCLASA},
  year      = {2011},
  pages     = {1-19},
  ee        = {http://dx.doi.org/10.4204/EPTCS.58.1},
  crossref  = {DBLP:journals/corr/abs-1107-5847},
  bibsource = {DBLP, http://dblp.uni-trier.de}
}
@proceedings{DBLP:journals/corr/abs-1107-5847,
  editor    = {Mohammad Reza Mousavi and
               Ant{\'o}nio Ravara},
  title     = {Proceedings 10th International Workshop on the Foundations
               of Coordination Languages and Software Architectures},
  booktitle = {FOCLASA},
  series    = {EPTCS},
  volume    = {58},
  year      = {2011},
  ee        = {http://dx.doi.org/10.4204/EPTCS.58},
  bibsource = {DBLP, http://dblp.uni-trier.de}
}

@inproceedings{DBLP:conf/csicc/SirjaniMM01,
  author    = {Marjan Sirjani and
               Movaghar and
               Mohammad Reza Mousavi},
  title     = {Compositional Verification of an Object-Based Model for Reactive Systems},
  booktitle = {Computer Science of Iran Computer Conference, 11th International Conference,
               {CSICC} 2001, Tehran, Iran, January 24-26, 2001},
  year      = {2001},
}

@article{DBLP:journals/acta/JaghooriSMKM10,
  author    = {Mohammad Mahdi Jaghoori and
               Marjan Sirjani and
               Mohammad Reza Mousavi and
               Ehsan Khamespanah and
               Ali Movaghar},
  title     = {Symmetry and partial order reduction techniques in model checking
               Rebeca},
  journal   = {Acta Inf.},
  volume    = {47},
  number    = {1},
  pages     = {33--66},
  year      = {2010},
  url       = {http://dx.doi.org/10.1007/s00236-009-0111-x},
  doi       = {10.1007/s00236-009-0111-x},
  timestamp = {Tue, 16 Feb 2010 11:05:30 +0100},
  biburl    = {http://dblp.uni-trier.de/rec/bib/journals/acta/JaghooriSMKM10},
  bibsource = {dblp computer science bibliography, http://dblp.org}
}
@article{DBLP:journals/jucs/SirjaniMSB05,
  author    = {Marjan Sirjani and
               Ali Movaghar and
               Amin Shali and
               Frank S. de Boer},
  title     = {Model Checking, Automated Abstraction, and Compositional Verification
               of Rebeca Models},
  journal   = {J. {UCS}},
  volume    = {11},
  number    = {6},
  pages     = {1054--1082},
  year      = {2005},
  url       = {http://dx.doi.org/10.3217/jucs-011-06-1054},
  doi       = {10.3217/jucs-011-06-1054},
  timestamp = {Thu, 23 Apr 2015 17:57:28 +0200},
  biburl    = {http://dblp.uni-trier.de/rec/bib/journals/jucs/SirjaniMSB05},
  bibsource = {dblp computer science bibliography, http://dblp.org}
}

@inproceedings{DBLP:conf/acsd/SirjaniBMS05,
  author    = {Marjan Sirjani and
               Frank S. de Boer and
               Ali Movaghar and
               Amin Shali},
  title     = {Extended Rebeca: {A} Component-Based Actor Language with Synchronous
               Message Passing},
  booktitle = {Fifth International Conference on Application of Concurrency to System
               Design {(ACSD} 2005), 6-9 June 2005, St. Malo, France},
  pages     = {212--221},
  year      = {2005},
  crossref  = {DBLP:conf/acsd/2005},
  url       = {http://dx.doi.org/10.1109/ACSD.2005.12},
  doi       = {10.1109/ACSD.2005.12},
  timestamp = {Sat, 09 May 2015 11:38:49 +0200},
  biburl    = {http://dblp.uni-trier.de/rec/bib/conf/acsd/SirjaniBMS05},
  bibsource = {dblp computer science bibliography, http://dblp.org}
}
@proceedings{DBLP:conf/acsd/2005,
  title     = {Fifth International Conference on Application of Concurrency to System
               Design {(ACSD} 2005), 6-9 June 2005, St. Malo, France},
  publisher = {{IEEE} Computer Society},
  year      = {2005},
  url       = {http://ieeexplore.ieee.org/xpl/mostRecentIssue.jsp?punumber=10077},
  isbn      = {0-7695-2363-3},
  timestamp = {Fri, 08 May 2015 15:30:10 +0200},
  biburl    = {http://dblp.uni-trier.de/rec/bib/conf/acsd/2005},
  bibsource = {dblp computer science bibliography, http://dblp.org}
}
@book{Erlang-book,
  author    = {Joe Armstrong},
  title     = {Programming Erlang, Software for Concurrent World},
  publisher = {Pragmatic Bookshelf},
  year      = {2007},
  isbn      = {978-1-93-778553-6},
}

@inproceedings{DBLP:conf/facs2/SigurdarsonSBR12,
  author    = {Steinar Hugi Sigurdarson and
               Marjan Sirjani and
               Yngvi Bj{\"{o}}rnsson and
               Arni Hermann Reynisson},
  title     = {Guided Search for Deadlocks in Actor-Based Models},
  booktitle = {Formal Aspects of Component Software, 9th International Symposium,
               {FACS} 2012, Mountain View, CA, USA, September 12-14, 2012. Revised
               Selected Papers},
  pages     = {242--259},
  year      = {2012},
  crossref  = {DBLP:conf/facs2/2012},
  url       = {http://dx.doi.org/10.1007/978-3-642-35861-6_15},
  doi       = {10.1007/978-3-642-35861-6_15},
  timestamp = {Fri, 08 Feb 2013 12:44:07 +0100},
  biburl    = {http://dblp.uni-trier.de/rec/bib/conf/facs2/SigurdarsonSBR12},
  bibsource = {dblp computer science bibliography, http://dblp.org}
}
@proceedings{DBLP:conf/facs2/2012,
  editor    = {Corina S. Pasareanu and
               Gwen Sala{\"{u}}n},
  title     = {Formal Aspects of Component Software, 9th International Symposium,
               {FACS} 2012, Mountain View, CA, USA, September 12-14, 2012. Revised
               Selected Papers},
  series    = {Lecture Notes in Computer Science},
  volume    = {7684},
  publisher = {Springer},
  year      = {2013},
  url       = {http://dx.doi.org/10.1007/978-3-642-35861-6},
  doi       = {10.1007/978-3-642-35861-6},
  isbn      = {978-3-642-35860-9},
  timestamp = {Fri, 08 Feb 2013 12:42:13 +0100},
  biburl    = {http://dblp.uni-trier.de/rec/bib/conf/facs2/2012},
  bibsource = {dblp computer science bibliography, http://dblp.org}
}
@article{DBLP:journals/scp/ReynissonSACJIS14,
  author    = {Arni Hermann Reynisson and
               Marjan Sirjani and
               Luca Aceto and
               Matteo Cimini and
               Ali Jafari and
               Anna Ing{\'{o}}lfsd{\'{o}}ttir and
               Steinar Hugi Sigurdarson},
  title     = {Modelling and simulation of asynchronous real-time systems using Timed
               Rebeca},
  journal   = {Sci. Comput. Program.},
  volume    = {89},
  pages     = {41--68},
  year      = {2014},
  url       = {http://dx.doi.org/10.1016/j.scico.2014.01.008},
  doi       = {10.1016/j.scico.2014.01.008},
  timestamp = {Thu, 07 Aug 2014 11:13:55 +0200},
  biburl    = {http://dblp.uni-trier.de/rec/bib/journals/scp/ReynissonSACJIS14},
  bibsource = {dblp computer science bibliography, http://dblp.org}
}
@inproceedings{DBLP:conf/fsen/BehjatiSA09,
  author    = {Razieh Behjati and
               Marjan Sirjani and
               Majid Nili Ahmadabadi},
  title     = {Bounded Rational Search for On-the-Fly Model Checking of {LTL} Properties},
  booktitle = {Fundamentals of Software Engineering, Third {IPM} International Conference,
               {FSEN} 2009, Kish Island, Iran, April 15-17, 2009, Revised Selected
               Papers},
  pages     = {292--307},
  year      = {2009},
  crossref  = {DBLP:conf/fsen/2009},
  url       = {http://dx.doi.org/10.1007/978-3-642-11623-0_17},
  doi       = {10.1007/978-3-642-11623-0_17},
  timestamp = {Fri, 29 Jan 2010 12:10:51 +0100},
  biburl    = {http://dblp.uni-trier.de/rec/bib/conf/fsen/BehjatiSA09},
  bibsource = {dblp computer science bibliography, http://dblp.org}
}
@proceedings{DBLP:conf/fsen/2009,
  editor    = {Farhad Arbab and
               Marjan Sirjani},
  title     = {Fundamentals of Software Engineering, Third {IPM} International Conference,
               {FSEN} 2009, Kish Island, Iran, April 15-17, 2009, Revised Selected
               Papers},
  series    = {Lecture Notes in Computer Science},
  volume    = {5961},
  publisher = {Springer},
  year      = {2010},
  url       = {http://dx.doi.org/10.1007/978-3-642-11623-0},
  doi       = {10.1007/978-3-642-11623-0},
  isbn      = {978-3-642-11622-3},
  timestamp = {Fri, 29 Jan 2010 12:09:36 +0100},
  biburl    = {http://dblp.uni-trier.de/rec/bib/conf/fsen/2009},
  bibsource = {dblp computer science bibliography, http://dblp.org}
}

@article{DBLP:journals/eceasst/KhamespanahSMSR15,
  author    = {Ehsan Khamespanah and
               Marjan Sirjani and
               Mohammad Reza Mousavi and
               Zeynab Sabahi{-}Kaviani and
               Mohamadreza Razzazi},
  title     = {State Distribution Policy for Distributed Model Checking of Actor
               Models},
  journal   = {{ECEASST}},
  volume    = {72},
  year      = {2015},
  url       = {http://journal.ub.tu-berlin.de/eceasst/article/view/1022},
  timestamp = {Fri, 11 Dec 2015 11:31:10 +0100},
  biburl    = {http://dblp.uni-trier.de/rec/bib/journals/eceasst/KhamespanahSMSR15},
  bibsource = {dblp computer science bibliography, http://dblp.org}
}

@article{DBLP:journals/tecs/RazaviBSKSS10,
  author    = {Niloofar Razavi and
               Razieh Behjati and
               Hamideh Sabouri and
               Ehsan Khamespanah and
               Amin Shali and
               Marjan Sirjani},
  title     = {Sysfier: Actor-based formal verification of SystemC},
  journal   = {{ACM} Trans. Embedded Comput. Syst.},
  volume    = {10},
  number    = {2},
  pages     = {19},
  year      = {2010},
  url       = {http://doi.acm.org/10.1145/1880050.1880055},
  doi       = {10.1145/1880050.1880055},
  timestamp = {Thu, 07 Apr 2011 09:28:30 +0200},
  biburl    = {http://dblp.uni-trier.de/rec/bib/journals/tecs/RazaviBSKSS10},
  bibsource = {dblp computer science bibliography, http://dblp.org}
}

@article{DBLP:journals/scp/Sabahi-KavianiK15,
  author    = {Zeynab Sabahi{-}Kaviani and
               Ramtin Khosravi and
               Peter Csaba {\"{O}}lveczky and
               Ehsan Khamespanah and
               Marjan Sirjani},
  title     = {Formal semantics and efficient analysis of Timed Rebeca in Real-Time
               Maude},
  journal   = {Sci. Comput. Program.},
  volume    = {113},
  pages     = {85--118},
  year      = {2015},
  url       = {http://dx.doi.org/10.1016/j.scico.2015.07.003},
  doi       = {10.1016/j.scico.2015.07.003},
  timestamp = {Wed, 13 Jan 2016 12:57:48 +0100},
  biburl    = {http://dblp.uni-trier.de/rec/bib/journals/scp/Sabahi-KavianiK15},
  bibsource = {dblp computer science bibliography, http://dblp.org}
}

@inproceedings{DBLP:conf/facs2/KhamespanahSVK15,
  author    = {Ehsan Khamespanah and
               Marjan Sirjani and
               Mahesh Viswanathan and
               Ramtin Khosravi},
  title     = {Floating Time Transition System: More Efficient Analysis of Timed
               Actors},
  booktitle = {Formal Aspects of Component Software - 12th International Conference,
               {FACS} 2015, Niter{\'{o}}i, Brazil, October 14-16, 2015, Revised
               Selected Papers},
  pages     = {237--255},
  year      = {2015},
  crossref  = {DBLP:conf/facs2/2015},
  url       = {http://dx.doi.org/10.1007/978-3-319-28934-2_13},
  doi       = {10.1007/978-3-319-28934-2_13},
  timestamp = {Fri, 29 Jan 2016 11:24:59 +0100},
  biburl    = {http://dblp.uni-trier.de/rec/bib/conf/facs2/KhamespanahSVK15},
  bibsource = {dblp computer science bibliography, http://dblp.org}
}
@proceedings{DBLP:conf/facs2/2015,
  editor    = {Christiano Braga and
               Peter Csaba {\"{O}}lveczky},
  title     = {Formal Aspects of Component Software - 12th International Conference,
               {FACS} 2015, Niter{\'{o}}i, Brazil, October 14-16, 2015, Revised
               Selected Papers},
  series    = {Lecture Notes in Computer Science},
  volume    = {9539},
  publisher = {Springer},
  year      = {2016},
  url       = {http://dx.doi.org/10.1007/978-3-319-28934-2},
  doi       = {10.1007/978-3-319-28934-2},
  isbn      = {978-3-319-28933-5},
  timestamp = {Fri, 29 Jan 2016 11:23:51 +0100},
  biburl    = {http://dblp.uni-trier.de/rec/bib/conf/facs2/2015},
  bibsource = {dblp computer science bibliography, http://dblp.org}
}
@inproceedings{DBLP:conf/acsd/HojjatSMG07,
  author    = {Hossein Hojjat and
               Marjan Sirjani and
               Mohammad Reza Mousavi and
               Jan Friso Groote},
  title     = {Sarir: {A} Rebeca to mCRL2 Translator},
  booktitle = {Seventh International Conference on Application of Concurrency to
               System Design {(ACSD} 2007), 10-13 July 2007, Bratislava, Slovak Republic},
  pages     = {216--222},
  year      = {2007},
  crossref  = {DBLP:conf/acsd/2007},
  url       = {http://doi.ieeecomputersociety.org/10.1109/ACSD.2007.62},
  doi       = {10.1109/ACSD.2007.62},
  timestamp = {Fri, 08 May 2015 15:30:10 +0200},
  biburl    = {http://dblp.uni-trier.de/rec/bib/conf/acsd/HojjatSMG07},
  bibsource = {dblp computer science bibliography, http://dblp.org}
}
@proceedings{DBLP:conf/acsd/2007,
  editor    = {Twan Basten and
               Gabriel Juh{\'{a}}s and
               Sandeep K. Shukla},
  title     = {Seventh International Conference on Application of Concurrency to
               System Design {(ACSD} 2007), 10-13 July 2007, Bratislava, Slovak Republic},
  publisher = {{IEEE} Computer Society},
  year      = {2007},
  url       = {http://ieeexplore.ieee.org/xpl/mostRecentIssue.jsp?punumber=4276249},
  isbn      = {978-0-7695-2902-8},
  timestamp = {Fri, 08 May 2015 15:30:10 +0200},
  biburl    = {http://dblp.uni-trier.de/rec/bib/conf/acsd/2007},
  bibsource = {dblp computer science bibliography, http://dblp.org}
}

@article{DBLP:journals/jucs/SabouriK13,
  author    = {Hamideh Sabouri and
               Ramtin Khosravi},
  title     = {Modeling and Verification of Reconfigurable Actor Families},
  journal   = {J. {UCS}},
  volume    = {19},
  number    = {2},
  pages     = {207--232},
  year      = {2013},
  url       = {http://dx.doi.org/10.3217/jucs-019-02-0207},
  doi       = {10.3217/jucs-019-02-0207},
  timestamp = {Fri, 24 Apr 2015 14:24:56 +0200},
  biburl    = {http://dblp.uni-trier.de/rec/bib/journals/jucs/SabouriK13},
  bibsource = {dblp computer science bibliography, http://dblp.org}
}

@article{DBLP:journals/scp/KhamespanahSSKI15,
  author    = {Ehsan Khamespanah and
               Marjan Sirjani and
               Zeynab Sabahi{-}Kaviani and
               Ramtin Khosravi and
               Mohammad{-}Javad Izadi},
  title     = {Timed Rebeca schedulability and deadlock freedom analysis using bounded
               floating time transition system},
  journal   = {Sci. Comput. Program.},
  volume    = {98},
  pages     = {184--204},
  year      = {2015},
  url       = {http://dx.doi.org/10.1016/j.scico.2014.07.005},
  doi       = {10.1016/j.scico.2014.07.005},
  timestamp = {Tue, 06 Jan 2015 19:47:50 +0100},
  biburl    = {http://dblp.uni-trier.de/rec/bib/journals/scp/KhamespanahSSKI15},
  bibsource = {dblp computer science bibliography, http://dblp.org}
}

@article{DBLP:journals/eceasst/JafariKSH14,
  author    = {Ali Jafari and
               Ehsan Khamespanah and
               Marjan Sirjani and
               Holger Hermanns},
  title     = {Performance Analysis of Distributed and Asynchronous Systems using
               Probabilistic Timed Actors},
  journal   = {{ECEASST}},
  volume    = {70},
  year      = {2014},
  url       = {http://journal.ub.tu-berlin.de/eceasst/article/view/984},
  timestamp = {Sat, 03 Jan 2015 17:33:24 +0100},
  biburl    = {http://dblp.uni-trier.de/rec/bib/journals/eceasst/JafariKSH14},
  bibsource = {dblp computer science bibliography, http://dblp.org}
}

@inproceedings{DBLP:conf/fsen/YousefiGK15,
  author    = {Behnaz Yousefi and
               Fatemeh Ghassemi and
               Ramtin Khosravi},
  title     = {Modeling and Efficient Verification of Broadcasting Actors},
  booktitle = {Fundamentals of Software Engineering - 6th International Conference,
               {FSEN} 2015 Tehran, Iran, April 22-24, 2015, Revised Selected Papers},
  pages     = {69--83},
  year      = {2015},
  crossref  = {DBLP:conf/fsen/2015},
  url       = {http://dx.doi.org/10.1007/978-3-319-24644-4_5},
  doi       = {10.1007/978-3-319-24644-4_5},
  timestamp = {Fri, 25 Sep 2015 12:29:35 +0200},
  biburl    = {http://dblp.uni-trier.de/rec/bib/conf/fsen/YousefiGK15},
  bibsource = {dblp computer science bibliography, http://dblp.org}
}
@proceedings{DBLP:conf/fsen/2015,
  editor    = {Mehdi Dastani and
               Marjan Sirjani},
  title     = {Fundamentals of Software Engineering - 6th International Conference,
               {FSEN} 2015 Tehran, Iran, April 22-24, 2015, Revised Selected Papers},
  series    = {Lecture Notes in Computer Science},
  volume    = {9392},
  publisher = {Springer},
  year      = {2015},
  url       = {http://dx.doi.org/10.1007/978-3-319-24644-4},
  doi       = {10.1007/978-3-319-24644-4},
  isbn      = {978-3-319-24643-7},
  timestamp = {Fri, 25 Sep 2015 12:28:08 +0200},
  biburl    = {http://dblp.uni-trier.de/rec/bib/conf/fsen/2015},
  bibsource = {dblp computer science bibliography, http://dblp.org}
}

@inproceedings{DBLP:conf/birthday/SirjaniJ11,
  author    = {Marjan Sirjani and
               Mohammad Mahdi Jaghoori},
  title     = {{T}en {Y}ears of {A}nalyzing {A}ctors: {R}ebeca {E}xperience},
  booktitle = {Formal Modeling: Actors, Open Systems, Biological Systems},
  year      = {2011},
  pages     = {20-56},
  ee        = {http://dx.doi.org/10.1007/978-3-642-24933-4_3},
  crossref  = {DBLP:conf/birthday/2011talcott},
  bibsource = {DBLP, http://dblp.uni-trier.de}
}
@proceedings{DBLP:conf/birthday/2011talcott,
  editor    = {Gul Agha and
               Olivier Danvy and
               Jos{\'e} Meseguer},
  title     = {Formal Modeling: Actors, Open Systems, Biological Systems
               - Essays Dedicated to Carolyn Talcott on the Occasion of
               Her 70th Birthday},
  booktitle = {Formal Modeling: Actors, Open Systems, Biological Systems},
  publisher = {Springer},
  series    = {Lecture Notes in Computer Science},
  volume    = {7000},
  year      = {2011},
  isbn      = {978-3-642-24932-7},
  ee        = {http://dx.doi.org/10.1007/978-3-642-24933-4},
  bibsource = {DBLP, http://dblp.uni-trier.de}
}

@article{DBLP:journals/fuin/SirjaniMSB04,
  author    = {Marjan Sirjani and
               Ali Movaghar and
               Amin Shali and
               Frank S. de Boer},
  title     = {{M}odeling and {V}erification of {R}eactive {S}ystems using {R}ebeca},
  journal   = {Fundam. Inform.},
  volume    = {63},
  number    = {4},
  year      = {2004},
  pages     = {385-410},
  ee        = {http://iospress.metapress.com/content/wg947keu129prhbd/},
  bibsource = {DBLP, http://dblp.uni-trier.de}
}

@article{DBLP:journals/jucs/SirjaniBM05,
  author    = {Marjan Sirjani and
               Frank S. de Boer and
               Ali Movaghar{-}Rahimabadi},
  title     = {Modular Verification of a Component-Based Actor Language},
  journal   = {J. {UCS}},
  volume    = {11},
  number    = {10},
  pages     = {1695--1717},
  year      = {2005},
  url       = {http://dx.doi.org/10.3217/jucs-011-10-1695},
  doi       = {10.3217/jucs-011-10-1695},
  timestamp = {Thu, 23 Apr 2015 17:57:29 +0200},
  biburl    = {http://dblp.uni-trier.de/rec/bib/journals/jucs/SirjaniBM05},
  bibsource = {dblp computer science bibliography, http://dblp.org}
}
